% Encoding: windows-1252

@Electronic{camers,
  author = {RaspberryPiFoundation},
  title =  {Getting Started with PiCamera},
  date =   {n.d},
  url =    {https://www.raspberrypi.org/learning/getting-started-with-picamera/worksheet/}
}

@Electronic{cisco,
  author = {Cisco},
  title =  {IP Addressing Guide},
  date =   {n.d},
  url =    {http://www.cisco.com/c/dam/en/us/solutions/collateral/enterprise/design-zone-smart-business-architecture/sba_ipAddr_dg.pdf}
}

@WWW{CornCorn,
  title = {Philippines Corn Production by Year},
  url =   {http://www.indexmundi.com/agriculture/?country=ph&commodity=corn&graph=production}
}

@Electronic{Edan,
  author = {Edan, Yael and Henten, Eldert van and Tuijl, Bart van},
  title =  {Agricultural Robotics},
  date =   {n.d},
  url =    {http://www.crops-robots.eu/dissemination/workshops/2011-06_MechEng/Agricultural_Robotics_WUR-BGU.pdf}
}


@Article{Einstein,
  Title                    = {{Zur Elektrodynamik bewegter K{\"o}rper}. ({German})
 [{On} the electrodynamics of moving bodies]},
  Author                   = {Albert Einstein},
  Journal                  = {Annalen der Physik},
  Year                     = {1905},
  Number                   = {10},
  Pages                    = {891--921},
  Volume                   = {322},

  Doi                      = {http://dx.doi.org/10.1002/andp.19053221004}
}

@Book{Gerpacio2004,
  author = {Roberta V. Gerpacio, Jocelyn D. Labios, Romeo V. Labios, Emma I. Diangkinay},
  title =  {Maize in the Philippines: Production Systems, Constraints, and Research Priorities},
  year =   {2004}
}

@Article{ISO800002,
  Title                    = {80000-2},
  Author                   = {{ISO}},
  Journal                  = {Quantities and units--Part 2: Mathematical signs and symbols to be used in the natural sciences and technology},
  Year                     = {2009}
}

@Electronic{Jean2003,
  author = {Jean du Plessis},
  year =   {2003},
  title =  {Maize Production},
  url =    {http://www.arc.agric.za/arc-gci/Fact%20Sheets%20Library/Maize%20Production.pdf}
}

@Electronic{Motes,
  author = {William Motes},
  title =  {Modern Agriculture and Its Benefits -- Trends, Implications and Outlook},
  url =    {http://globalharvestinitiative.org/Documents/Motes%20-%20Modern%20Agriculture%20and%20Its%20Benefits.pdf}
}

@Book{Oetiker2014,
  Title                    = {The Not So Short Introduction to \LaTeXe
Or \LaTeXe in 157 minutes},
  Author                   = {Oetiker, Tobias and Partl, Hubert and Hyna, Irene and Schlegl, Elisabeth},
  Publisher                = {n.a.},
  Year                     = {2014}
}

@Electronic{vid,
  author = {RaspberryPiFoundation},
  title =  {What is Raspberry Pi?},
  date =   {n.d},
  url =    {https://www.raspberrypi.org/help/videos/}
}

@Electronic{vnc,
  author = {RaspberryPiFoundation},
  title =  {Virtual Network Computing},
  date =   {n.d},
  url =    {https://www.raspberrypi.org/documentation/remote-access/vnc/README.md}
}

@Electronic{WorldBank,
  title =        {Agriculture, value added (% of GDP)},
  organization = {The World Bank Group},
  url =          {http://data.worldbank.org/indicator/NV.AGR.TOTL.ZS/countries}
}

@Electronic{,
  author = {Nicomedes Briones},
  title =  {Environmental Sustainability},
  url =    {http://ageconsearch.umn.edu/bitstream/165781/2/AJAD_2005_2_1%262_6Briones.pdf}
}

